
    <marc:record>
        <marc:leader>00945nam a2200301 c 4500</marc:leader>
        <marc:controlfield tag="001">a5382419</marc:controlfield>
        <marc:controlfield tag="003">SpMaBN</marc:controlfield>
        <marc:controlfield tag="005">20200114011320.3</marc:controlfield>
        <marc:controlfield tag="008">130730s2013    sp     | |||| 000 f spa  </marc:controlfield>
        <marc:datafield tag="015" ind1=" " ind2=" ">
            <marc:subfield code="a">MON13</marc:subfield>
        </marc:datafield>
        <marc:datafield tag="017" ind1=" " ind2=" ">
            <marc:subfield code="a">B 12357-2013</marc:subfield>
            <marc:subfield code="b">Oficina Depósito Legal Barcelona</marc:subfield>
        </marc:datafield>
        <marc:datafield tag="020" ind1=" " ind2=" ">
            <marc:subfield code="a">978-84-397-2639-5</marc:subfield>
        </marc:datafield>
        <marc:datafield tag="035" ind1=" " ind2=" ">
            <marc:subfield code="a">(OCoLC)864321141</marc:subfield>
        </marc:datafield>
        <marc:datafield tag="040" ind1=" " ind2=" ">
            <marc:subfield code="a">SpMaBN</marc:subfield>
            <marc:subfield code="b">spa</marc:subfield>
            <marc:subfield code="c">SpMaBN</marc:subfield>
            <marc:subfield code="e">rdc</marc:subfield>
        </marc:datafield>
        <marc:datafield tag="041" ind1="1" ind2=" ">
            <marc:subfield code="a">spa</marc:subfield>
            <marc:subfield code="h">nor</marc:subfield>
        </marc:datafield>
        <marc:datafield tag="080" ind1=" " ind2=" ">
            <marc:subfield code="a">821.113.5-31&quot;19&quot;</marc:subfield>
        </marc:datafield>
        <marc:datafield tag="100" ind1="1" ind2=" ">
            <marc:subfield code="a">Fossum, Karin</marc:subfield>
            <marc:subfield code="d">1954-</marc:subfield>
            <marc:subfield code="0">XX1310505</marc:subfield>
        </marc:datafield>
        <marc:datafield tag="240" ind1="1" ind2="0">
            <marc:subfield code="a">Svarte sekunder</marc:subfield>
            <marc:subfield code="l">Español</marc:subfield>
        </marc:datafield>
        <marc:datafield tag="245" ind1="1" ind2="0">
            <marc:subfield code="a">Segundos negros</marc:subfield>
            <marc:subfield code="c">Karin Fossum ; traducción de Kirsti Baggethun y Asunción Lorenzo</marc:subfield>
        </marc:datafield>
        <marc:datafield tag="250" ind1=" " ind2=" ">
            <marc:subfield code="a">1ª ed.</marc:subfield>
        </marc:datafield>
        <marc:datafield tag="260" ind1=" " ind2=" ">
            <marc:subfield code="a">Barcelona</marc:subfield>
            <marc:subfield code="b">Random House Mondadori</marc:subfield>
            <marc:subfield code="c">2013</marc:subfield>
        </marc:datafield>
        <marc:datafield tag="300" ind1=" " ind2=" ">
            <marc:subfield code="a">262 p.</marc:subfield>
            <marc:subfield code="c">22 cm</marc:subfield>
        </marc:datafield>
        <marc:datafield tag="336" ind1=" " ind2=" ">
            <marc:subfield code="a">Texto (visual)</marc:subfield>
            <marc:subfield code="2">isbdcontent</marc:subfield>
        </marc:datafield>
        <marc:datafield tag="337" ind1=" " ind2=" ">
            <marc:subfield code="a">sin mediación</marc:subfield>
            <marc:subfield code="2">isbdmedia</marc:subfield>
        </marc:datafield>
        <marc:datafield tag="490" ind1="0" ind2=" ">
            <marc:subfield code="a">Roja &amp; negra</marc:subfield>
            <marc:subfield code="v">34</marc:subfield>
        </marc:datafield>
        <marc:datafield tag="594" ind1=" " ind2=" ">
            <marc:subfield code="a">Título original: Svarte sekunder</marc:subfield>
        </marc:datafield>
        <marc:datafield tag="700" ind1="1" ind2=" ">
            <marc:subfield code="a">Baggethun, Kirsti</marc:subfield>
            <marc:subfield code="d">1944-</marc:subfield>
        </marc:datafield>
        <marc:datafield tag="700" ind1="1" ind2=" ">
            <marc:subfield code="a">Lorenzo, Asunción</marc:subfield>
        </marc:datafield>
    </marc:record>