
    <marc:record>
        <marc:leader>01823cam a22003252u 4500</marc:leader>
        <marc:controlfield tag="001">a6194728</marc:controlfield>
        <marc:controlfield tag="005">20200218021948.3</marc:controlfield>
        <marc:controlfield tag="006">m    |o  d        </marc:controlfield>
        <marc:controlfield tag="007">cr |n ||||||||</marc:controlfield>
        <marc:controlfield tag="008">180608s2012    sp |||||o|||| ||| ||spa d</marc:controlfield>
        <marc:datafield tag="020" ind1=" " ind2=" ">
            <marc:subfield code="a">9788439725732</marc:subfield>
        </marc:datafield>
        <marc:datafield tag="035" ind1=" " ind2=" ">
            <marc:subfield code="a">(ES-BaLIB)9788439725732</marc:subfield>
        </marc:datafield>
        <marc:datafield tag="040" ind1=" " ind2=" ">
            <marc:subfield code="a">ES-BaLIB</marc:subfield>
            <marc:subfield code="b">spa</marc:subfield>
            <marc:subfield code="c">SpMaBN</marc:subfield>
            <marc:subfield code="d">SpMaBN</marc:subfield>
            <marc:subfield code="e">local</marc:subfield>
        </marc:datafield>
        <marc:datafield tag="100" ind1="1" ind2=" ">
            <marc:subfield code="a">Fossum, Karin</marc:subfield>
            <marc:subfield code="d">1954-</marc:subfield>
            <marc:subfield code="4">aut</marc:subfield>
            <marc:subfield code="0">XX1310505</marc:subfield>
        </marc:datafield>
        <marc:datafield tag="240" ind1="1" ind2="0">
            <marc:subfield code="a">Elskede poona</marc:subfield>
            <marc:subfield code="l">Español</marc:subfield>
        </marc:datafield>
        <marc:datafield tag="245" ind1="1" ind2="4">
            <marc:subfield code="a">Una mujer en tu camino</marc:subfield>
        </marc:datafield>
        <marc:datafield tag="260" ind1=" " ind2=" ">
            <marc:subfield code="a">Barcelona</marc:subfield>
            <marc:subfield code="b">Literatura Random House</marc:subfield>
            <marc:subfield code="c">2012</marc:subfield>
        </marc:datafield>
        <marc:datafield tag="300" ind1=" " ind2=" ">
            <marc:subfield code="a">1 recurso en línea</marc:subfield>
        </marc:datafield>
        <marc:datafield tag="347" ind1=" " ind2=" ">
            <marc:subfield code="a">archivo de texto</marc:subfield>
            <marc:subfield code="b">EPUB</marc:subfield>
            <marc:subfield code="c">380 KB</marc:subfield>
        </marc:datafield>
        <marc:datafield tag="490" ind1="0" ind2=" ">
            <marc:subfield code="a">Literatura Random House</marc:subfield>
        </marc:datafield>
        <marc:datafield tag="490" ind1="0" ind2=" ">
            <marc:subfield code="a">Inspector Sejer</marc:subfield>
            <marc:subfield code="v">5</marc:subfield>
        </marc:datafield>
        <marc:datafield tag="500" ind1=" " ind2=" ">
            <marc:subfield code="a">Registro generado automáticamente a partir de metadatos facilitados por Libranda</marc:subfield>
        </marc:datafield>
        <marc:datafield tag="520" ind1="3" ind2=" ">
            <marc:subfield code="a">Ha conseguido lo que más deseaba: una esposa india, joven y maravillosa. Pero su destino se tuerce, y el día que ella debe llegar a Noruega, desaparece. Poco después, el cuerpo de una mujer extranjera aparece mutilado a las afueras del pueblo. El inspector Sejer y su colega Skarre se ponen tras la pista del asesino. En su pequeña comunidad, donde todo el mundo se conoce y los secretos son difíciles de ocultar, nadie es sospechoso y, al mismo tiempo, cualquiera podría ser un asesino.</marc:subfield>
        </marc:datafield>
        <marc:datafield tag="530" ind1=" " ind2=" ">
            <marc:subfield code="a">Publicado también como texto impreso</marc:subfield>
        </marc:datafield>
        <marc:datafield tag="596" ind1=" " ind2=" ">
            <marc:subfield code="a">&quot;Penguin Random House Grupo Editorial España&quot;</marc:subfield>
        </marc:datafield>
        <marc:datafield tag="653" ind1=" " ind2=" ">
            <marc:subfield code="a">Género policíaco y de misterio</marc:subfield>
        </marc:datafield>
        <marc:datafield tag="700" ind1="1" ind2=" ">
            <marc:subfield code="a">Baggethun, Kirsti</marc:subfield>
            <marc:subfield code="d">1944-</marc:subfield>
            <marc:subfield code="e">traductor</marc:subfield>
            <marc:subfield code="4">trl</marc:subfield>
        </marc:datafield>
        <marc:datafield tag="700" ind1="1" ind2=" ">
            <marc:subfield code="a">Lorenzo, Asunción</marc:subfield>
            <marc:subfield code="e">traductor</marc:subfield>
            <marc:subfield code="4">trl</marc:subfield>
        </marc:datafield>
        <marc:datafield tag="776" ind1="0" ind2=" ">
            <marc:subfield code="t">Una mujer en tu camino</marc:subfield>
            <marc:subfield code="h">306 p.</marc:subfield>
            <marc:subfield code="z">978-84-397-2074-4</marc:subfield>
            <marc:subfield code="w">a3315546</marc:subfield>
        </marc:datafield>
        <marc:datafield tag="856" ind1="4" ind2="0">
            <marc:subfield code="u">http://repositorio.dl-e.es/epub.vm?id=0000025811.epub</marc:subfield>
            <marc:subfield code="y">Acceso electrónico</marc:subfield>
            <marc:subfield code="z">Acceso y/o uso restringido, disponible sólo desde la Biblioteca Nacional de España y los centros de conservación</marc:subfield>
        </marc:datafield>
    </marc:record>