
    <marc:record>
        <marc:leader>02345cam a22003252u 4500</marc:leader>
        <marc:controlfield tag="001">a6194658</marc:controlfield>
        <marc:controlfield tag="005">20200218021947.3</marc:controlfield>
        <marc:controlfield tag="006">m    |o  d        </marc:controlfield>
        <marc:controlfield tag="007">cr |n ||||||||</marc:controlfield>
        <marc:controlfield tag="008">180608s2011    sp |||||o|||| ||| ||spa d</marc:controlfield>
        <marc:datafield tag="020" ind1=" " ind2=" ">
            <marc:subfield code="a">9788439724247</marc:subfield>
        </marc:datafield>
        <marc:datafield tag="035" ind1=" " ind2=" ">
            <marc:subfield code="a">(ES-BaLIB)9788439724247</marc:subfield>
        </marc:datafield>
        <marc:datafield tag="040" ind1=" " ind2=" ">
            <marc:subfield code="a">ES-BaLIB</marc:subfield>
            <marc:subfield code="b">spa</marc:subfield>
            <marc:subfield code="c">SpMaBN</marc:subfield>
            <marc:subfield code="d">SpMaBN</marc:subfield>
            <marc:subfield code="e">local</marc:subfield>
        </marc:datafield>
        <marc:datafield tag="100" ind1="1" ind2=" ">
            <marc:subfield code="a">Fossum, Karin</marc:subfield>
            <marc:subfield code="d">1954-</marc:subfield>
            <marc:subfield code="4">aut</marc:subfield>
            <marc:subfield code="0">XX1310505</marc:subfield>
        </marc:datafield>
        <marc:datafield tag="240" ind1="1" ind2="4">
            <marc:subfield code="a">Varsleren</marc:subfield>
            <marc:subfield code="l">Español</marc:subfield>
        </marc:datafield>
        <marc:datafield tag="245" ind1="1" ind2="0">
            <marc:subfield code="a">Presagios</marc:subfield>
        </marc:datafield>
        <marc:datafield tag="260" ind1=" " ind2=" ">
            <marc:subfield code="a">Barcelona</marc:subfield>
            <marc:subfield code="b">Reservoir Books</marc:subfield>
            <marc:subfield code="c">2011</marc:subfield>
        </marc:datafield>
        <marc:datafield tag="300" ind1=" " ind2=" ">
            <marc:subfield code="a">1 recurso en línea</marc:subfield>
        </marc:datafield>
        <marc:datafield tag="347" ind1=" " ind2=" ">
            <marc:subfield code="a">archivo de texto</marc:subfield>
            <marc:subfield code="b">EPUB</marc:subfield>
            <marc:subfield code="c">283 KB</marc:subfield>
        </marc:datafield>
        <marc:datafield tag="490" ind1="0" ind2=" ">
            <marc:subfield code="a">Reservoir narrativa</marc:subfield>
        </marc:datafield>
        <marc:datafield tag="490" ind1="0" ind2=" ">
            <marc:subfield code="a">Inspector Sejer</marc:subfield>
            <marc:subfield code="v">10</marc:subfield>
        </marc:datafield>
        <marc:datafield tag="500" ind1=" " ind2=" ">
            <marc:subfield code="a">Registro generado automáticamente a partir de metadatos facilitados por Libranda</marc:subfield>
        </marc:datafield>
        <marc:datafield tag="520" ind1="3" ind2=" ">
            <marc:subfield code="a">El verano llega a su fin en una pequeña localidad rural de Noruega. Sus habitantes, acostumbrados a la tranquilidad de sus urbanizaciones rodeadas de bosques y lagos, no están preparados para lo que se avecina. Pequeños y terribles malentendidos comienzan a sucederse: llamadas de hospitales anunciando accidentes que no han ocurrido, periódicos que publican esquelas de ancianos que siguen vivos... presagios de que algo terrible está a punto de ocurrir. El mismo día que comienza todo, el inspector de policía Sejer recibe una extraña nota: &quot;El infierno empieza ahora&quot;. Él y su compañero, el detective Jacob Skarre, se ponen manos a la obra para descubrir quién está detrás de tanta confusión. Probablemente ni siquiera el artífice de todo ello sea capaz de prever la marea de violencia que está a punto de desbordarse, porque, ¿quién sabe de qué es capaz la gente cuando ha perdido la sensación de seguridad? En Presagios, Karin Fossum consigue un retrato fascinante de una pequeña comunidad que se tambalea al borde del precipicio.</marc:subfield>
        </marc:datafield>
        <marc:datafield tag="530" ind1=" " ind2=" ">
            <marc:subfield code="a">Publicado también como texto impreso</marc:subfield>
        </marc:datafield>
        <marc:datafield tag="596" ind1=" " ind2=" ">
            <marc:subfield code="a">&quot;Penguin Random House Grupo Editorial España&quot;</marc:subfield>
        </marc:datafield>
        <marc:datafield tag="653" ind1=" " ind2=" ">
            <marc:subfield code="a">Género policíaco y de misterio</marc:subfield>
        </marc:datafield>
        <marc:datafield tag="700" ind1="1" ind2=" ">
            <marc:subfield code="a">Baggethun, Kirsti</marc:subfield>
            <marc:subfield code="d">1944-</marc:subfield>
            <marc:subfield code="e">traductor</marc:subfield>
            <marc:subfield code="4">trl</marc:subfield>
        </marc:datafield>
        <marc:datafield tag="700" ind1="1" ind2=" ">
            <marc:subfield code="a">Lorenzo, Asunción</marc:subfield>
            <marc:subfield code="e">traductor</marc:subfield>
            <marc:subfield code="4">trl</marc:subfield>
        </marc:datafield>
        <marc:datafield tag="776" ind1="0" ind2=" ">
            <marc:subfield code="t">Presagios</marc:subfield>
            <marc:subfield code="h">236 p.</marc:subfield>
            <marc:subfield code="z">978-84-397-2343-1</marc:subfield>
            <marc:subfield code="w">a4994045</marc:subfield>
        </marc:datafield>
        <marc:datafield tag="856" ind1="4" ind2="0">
            <marc:subfield code="u">http://repositorio.dl-e.es/epub.vm?id=0000025721.epub</marc:subfield>
            <marc:subfield code="y">Acceso electrónico</marc:subfield>
            <marc:subfield code="z">Acceso y/o uso restringido, disponible sólo desde la Biblioteca Nacional de España y los centros de conservación</marc:subfield>
        </marc:datafield>
    </marc:record>