
    <marc:record>
        <marc:leader>03000cgm a2200565Ic 4500</marc:leader>
        <marc:controlfield tag="001">a5045882</marc:controlfield>
        <marc:controlfield tag="003">SpMaBN</marc:controlfield>
        <marc:controlfield tag="005">20210622004334.3</marc:controlfield>
        <marc:controlfield tag="007">vd*cvaizq</marc:controlfield>
        <marc:controlfield tag="008">110516s2010    sp 0495e          1 mul  </marc:controlfield>
        <marc:datafield tag="015" ind1=" " ind2=" ">
            <marc:subfield code="a">VD10</marc:subfield>
        </marc:datafield>
        <marc:datafield tag="017" ind1=" " ind2=" ">
            <marc:subfield code="a">B 36135-2010</marc:subfield>
            <marc:subfield code="b">Oficina Depósito Legal Barcelona</marc:subfield>
        </marc:datafield>
        <marc:datafield tag="028" ind1="4" ind2="0">
            <marc:subfield code="a">AC0013</marc:subfield>
            <marc:subfield code="b">A contracorriente Films</marc:subfield>
        </marc:datafield>
        <marc:datafield tag="035" ind1=" " ind2=" ">
            <marc:subfield code="a">(OCoLC)776719398</marc:subfield>
        </marc:datafield>
        <marc:datafield tag="040" ind1=" " ind2=" ">
            <marc:subfield code="a">SpMaBN</marc:subfield>
            <marc:subfield code="b">spa</marc:subfield>
            <marc:subfield code="c">SpMaBN</marc:subfield>
            <marc:subfield code="e">rdc</marc:subfield>
        </marc:datafield>
        <marc:datafield tag="041" ind1="1" ind2=" ">
            <marc:subfield code="a">spa</marc:subfield>
            <marc:subfield code="a">swe</marc:subfield>
            <marc:subfield code="a">ice</marc:subfield>
            <marc:subfield code="a">nor</marc:subfield>
            <marc:subfield code="b">spa</marc:subfield>
            <marc:subfield code="b">cat</marc:subfield>
            <marc:subfield code="d">swe</marc:subfield>
            <marc:subfield code="d">ice</marc:subfield>
            <marc:subfield code="d">nor</marc:subfield>
        </marc:datafield>
        <marc:datafield tag="084" ind1=" " ind2=" ">
            <marc:subfield code="a">1</marc:subfield>
            <marc:subfield code="2">VD</marc:subfield>
        </marc:datafield>
        <marc:datafield tag="245" ind1="0" ind2="0">
            <marc:subfield code="a">Generación Millennium.</marc:subfield>
            <marc:subfield code="n">Vol. 1</marc:subfield>
            <marc:subfield code="h">[Videograbación]</marc:subfield>
        </marc:datafield>
        <marc:datafield tag="260" ind1=" " ind2=" ">
            <marc:subfield code="a">Barcelona</marc:subfield>
            <marc:subfield code="b">A contracorriente Films</marc:subfield>
            <marc:subfield code="c">D.L. 2010</marc:subfield>
        </marc:datafield>
        <marc:datafield tag="300" ind1=" " ind2=" ">
            <marc:subfield code="a">5 DVD-Vídeo (ca. 99, 91, 97, 113 y 95 min)</marc:subfield>
            <marc:subfield code="b">son., col.</marc:subfield>
            <marc:subfield code="e"> 1 funda-estuche</marc:subfield>
        </marc:datafield>
        <marc:datafield tag="500" ind1=" " ind2=" ">
            <marc:subfield code="a">Basadas en las novelas homónimas de Åsa Larsson, Arnaldur Indridason, Karin Fossum, Anne Holt y Maj Sjöwall y Per Wahlöö</marc:subfield>
        </marc:datafield>
        <marc:datafield tag="500" ind1=" " ind2=" ">
            <marc:subfield code="a">Incluye extras con información adicional</marc:subfield>
        </marc:datafield>
        <marc:datafield tag="505" ind1="0" ind2=" ">
            <marc:subfield code="a">Disco 1. Aurora boreal = Solstorm / una película de Leif Lindblom -- Disco 2. Las marismas = Mýrin / una película de Baltasar Kormákur -- Disco 3. El ojo de Eva = Evas øye / una película de Berit Nesheim -- Disco 4. Bienaventurados los sedientos = Salige er de som tørster / una película de Carl Jørgen Kiønig -- Disco 5. Roseanna / una película de Daniel Alfredson</marc:subfield>
        </marc:datafield>
        <marc:datafield tag="518" ind1=" " ind2=" ">
            <marc:subfield code="a">Películas realizadas entre 1993 y 2007</marc:subfield>
        </marc:datafield>
        <marc:datafield tag="520" ind1="3" ind2=" ">
            <marc:subfield code="a">Adaptaciones a la pantalla de varios best-seller de la novela negra nórdica</marc:subfield>
        </marc:datafield>
        <marc:datafield tag="521" ind1=" " ind2=" ">
            <marc:subfield code="a">No recomendada para menores de 16 años (Aurora boreal y Las marismas)</marc:subfield>
        </marc:datafield>
        <marc:datafield tag="521" ind1=" " ind2=" ">
            <marc:subfield code="a">No recomendada para menores de 18 años (El ojo de Eva, Bienaventurados los sedientos y Roseanna)</marc:subfield>
        </marc:datafield>
        <marc:datafield tag="546" ind1=" " ind2=" ">
            <marc:subfield code="a">Versiones en español y sueco (Aurora Boreal y Roseanna), español e islandés (Las marismas) y español y noruego (El ojo de Eva y Bienaventurados los sedientos), con subtítulos opcionales en español y catalán</marc:subfield>
        </marc:datafield>
        <marc:datafield tag="597" ind1=" " ind2=" ">
            <marc:subfield code="a">Formato de pantalla 16:9 anamórfico compatible con 4:3 (Aurora Boreal, Las marismas y El ojo de Eva) y formato de pantalla 4:3 (Bienaventurados los sedientos y Roseanna)</marc:subfield>
        </marc:datafield>
        <marc:datafield tag="597" ind1=" " ind2=" ">
            <marc:subfield code="a">Formato de película 2.35:1 (Aurora Boreal y Las marismas), 1.85:1 (El ojo de Eva) y 1.66:1 (Bienaventurados los sedientos y Roseanna)</marc:subfield>
        </marc:datafield>
        <marc:datafield tag="655" ind1=" " ind2="7">
            <marc:subfield code="a">Cine de suspense</marc:subfield>
            <marc:subfield code="2">tgfbne</marc:subfield>
        </marc:datafield>
        <marc:datafield tag="700" ind1="1" ind2=" ">
            <marc:subfield code="a">Lindblom, Leif</marc:subfield>
        </marc:datafield>
        <marc:datafield tag="700" ind1="1" ind2=" ">
            <marc:subfield code="a">Baltasar Kormákur</marc:subfield>
            <marc:subfield code="d">1966-</marc:subfield>
        </marc:datafield>
        <marc:datafield tag="700" ind1="1" ind2=" ">
            <marc:subfield code="a">Nesheim, Berit</marc:subfield>
        </marc:datafield>
        <marc:datafield tag="700" ind1="1" ind2=" ">
            <marc:subfield code="a">Kiønig, Carl Jørgen</marc:subfield>
        </marc:datafield>
        <marc:datafield tag="700" ind1="1" ind2=" ">
            <marc:subfield code="a">Alfredson, Daniel</marc:subfield>
            <marc:subfield code="d">1959-</marc:subfield>
        </marc:datafield>
        <marc:datafield tag="700" ind1="1" ind2=" ">
            <marc:subfield code="a">Larsson, Åsa</marc:subfield>
            <marc:subfield code="d">1966-</marc:subfield>
            <marc:subfield code="t">Solstorn</marc:subfield>
        </marc:datafield>
        <marc:datafield tag="700" ind1="1" ind2=" ">
            <marc:subfield code="a">Arnaldur Indriðason</marc:subfield>
            <marc:subfield code="d">1961-</marc:subfield>
            <marc:subfield code="t">Mýrin</marc:subfield>
        </marc:datafield>
        <marc:datafield tag="700" ind1="1" ind2=" ">
            <marc:subfield code="a">Fossum, Karin</marc:subfield>
            <marc:subfield code="d">1954-</marc:subfield>
            <marc:subfield code="t">Evas øye</marc:subfield>
        </marc:datafield>
        <marc:datafield tag="700" ind1="1" ind2=" ">
            <marc:subfield code="a">Sjöwall, Maj</marc:subfield>
            <marc:subfield code="d">1935-2020</marc:subfield>
            <marc:subfield code="t">Roseanna</marc:subfield>
        </marc:datafield>
        <marc:datafield tag="730" ind1="0" ind2="2">
            <marc:subfield code="a">Solstorm</marc:subfield>
            <marc:subfield code="l">Español-Sueco</marc:subfield>
        </marc:datafield>
        <marc:datafield tag="730" ind1="0" ind2="2">
            <marc:subfield code="a">Mýrin</marc:subfield>
            <marc:subfield code="l">Español-Islandés</marc:subfield>
        </marc:datafield>
        <marc:datafield tag="730" ind1="0" ind2="2">
            <marc:subfield code="a">Evas øye</marc:subfield>
            <marc:subfield code="l">Español-Noruego</marc:subfield>
        </marc:datafield>
        <marc:datafield tag="730" ind1="0" ind2="2">
            <marc:subfield code="a">Salige er de som tørster</marc:subfield>
            <marc:subfield code="l">Español-Noruego</marc:subfield>
        </marc:datafield>
        <marc:datafield tag="730" ind1="0" ind2="2">
            <marc:subfield code="a">Roseanna</marc:subfield>
            <marc:subfield code="l">Español-Sueco</marc:subfield>
        </marc:datafield>
        <marc:datafield tag="740" ind1="0" ind2="2">
            <marc:subfield code="a">Aurora boreal</marc:subfield>
        </marc:datafield>
        <marc:datafield tag="740" ind1="4" ind2="2">
            <marc:subfield code="a">Las marismas</marc:subfield>
        </marc:datafield>
        <marc:datafield tag="740" ind1="3" ind2="2">
            <marc:subfield code="a">El ojo de Eva</marc:subfield>
        </marc:datafield>
        <marc:datafield tag="740" ind1="0" ind2="2">
            <marc:subfield code="a">Bienaventurados los sedientos</marc:subfield>
        </marc:datafield>
        <marc:datafield tag="740" ind1="0" ind2="2">
            <marc:subfield code="a">Roseanna</marc:subfield>
        </marc:datafield>
    </marc:record>